@book{da2004,
	author = "{Anderson David J}",
	location = "Upper Saddle River, NJ",
	pages = "xxxvi, 313 s. : ill.",
	publisher = "Prentice Hall Professional Technical Reference",
	title = "{Agile management for software engineering: applying the theory of constraints for business results}",
	year = "2004"
}
@book{fd11,
	author = "{Flanagan David}",
	isbn = "978-0-596-80552-4",
	keywords = "JavaScript",
	location = "Cambridge",
	note = {"Covers ECMAScript 5 \& HTML5"},
	number = "6th ed.",
	pages = "XVI, 1078 s. : ill.",
	publisher = "O'Reilly Media",
	title = "{JavaScript: the definitive guide}",
	year = "2011"
}
@book{ProGit,
    author = "{Scott Chacon}",
    publisher = "Apress",
    title = "{Pro Git}",
    year = "2009"
}
@book{liang,
	author = "{Liang Y. Daniel}",
	isbn = "978-0-13-605966-0",
	keywords = "Java",
	location = "Upper Saddle River, N.J.",
	number = "7th ed.",
	pages = "1327 s. : ill.",
	publisher = "Pearson Prentice Hall",
	title = "{Introduction to Java programming: comprehensive version}",
	year = "2009"
}
@ONLINE{ScrumCycle,
    title       = "Scrum cycle",
    month       = oct,
    year        = {2014},
    howpublished= {https://www.scrumalliance.org/why-scrum}
}
